@phdthesis{marten,
    author = {Lohstroh, Marten},
    year = {2020},
    month = {12},
    title = {{Reactors: A Deterministic Model of Concurrent Computation for Reactive Systems}},
    doi = {10.13140/RG.2.2.30520.78083}
}

@inbook{cyphy,
    author = {Lohstroh, Marten and Romeo, {\'I}ñigo and Goens, Andrés and Derler, Patricia and Castrillón, Jerónimo and Lee, Edward and Vincentelli, Alberto},
    year = {2020},
    month = {02},
    pages = {59-85},
    title = {{Reactors: A Deterministic Model for Composable Reactive Systems}},
    isbn = {978-3-030-41130-5},
    doi = {10.1007/978-3-030-41131-2_4}
}

@article{flow,
  title={{The Semantics of Dataflow with Firing}},
  author={Lee, Edward A and Matsikoudis, Eleftherios},
  journal={G. Huet, G. Plotkin, J.-J. L{\'e}vy, and Y. Bertot, editors, From Semantics to Computer Science: Essays in Honour of Gilles Kahn},
  pages={71--94},
  year={2009},
  publisher={Citeseer}
}

@article{dense,
  title={{System Design, Modeling, and Simulation using Ptolemy II, Ptolemy.org, 2014}},
  author={Ptolemaeus, Claudius},
  journal={Online: \url{http://ptolemy.org/books/Systems}},
  pages = {21-23},
  year={2013}
}

@inproceedings{lf,
    author = {Lohstroh, Marten and Menard, Christian and Schulz-Rosengarten, Alexander and Weber, Matthew and Castrillón, Jerónimo and Lee, Edward},
    year = {2020},
    month = {09},
    pages = {1-8},
    title = {{A Language for Deterministic Coordination Across Multiple Timelines}},
    doi = {10.1109/FDL50818.2020.9232939}
}

@MastersThesis{mario,
    title = {{The Type Theory of Lean}},
    author = {Carneiro, Mario},
    year = {2019},
    NOTE = {\emph{Online: \url{https://github.com/digama0/lean-type-theory/releases/tag/v1.0} and \url{https://youtu.be/3sKrSNhSxik}}}
}

@article{hales, 
    title = {{A Review of the Lean Theorem Prover}}, 
    journal={Online: \url{https://jiggerwit.wordpress.com/2018/09/18/a-review-of-the-lean-theorem-prover/}},
    author = {Hales, Thomas}, 
    year = {2018}
}

@InCollection{loef,
	author       =	{Dybjer, Peter and Palmgren, Erik},
	title        =	{{Intuitionistic Type Theory}},
	booktitle    =	{The {Stanford} Encyclopedia of Philosophy},
	editor       =	{Edward N. Zalta},
	howpublished =	{\url{https://plato.stanford.edu/archives/sum2020/entries/type-theory-intuitionistic/}},
	year         =	{2020},
	edition      =	{Summer 2020},
	publisher    =	{Metaphysics Research Lab, Stanford University}
}

@InCollection{construct,
	author       =	{Bridges, Douglas and Palmgren, Erik},
	title        =	{{Constructive Mathematics}},
	booktitle    =	{The {Stanford} Encyclopedia of Philosophy},
	editor       =	{Edward N. Zalta},
	howpublished =	{\url{https://plato.stanford.edu/archives/sum2018/entries/mathematics-constructive/}},
	year         =	{2018},
	edition      =	{Summer 2018},
	publisher    =	{Metaphysics Research Lab, Stanford University}
}

@InCollection{principia,
	author       =	{Linsky, Bernard and Irvine, Andrew David},
	title        =	{{Principia Mathematica}},
	booktitle    =	{The {Stanford} Encyclopedia of Philosophy},
	editor       =	{Edward N. Zalta},
	howpublished =	{\url{https://plato.stanford.edu/archives/win2020/entries/principia-mathematica/}},
	year         =	{2020},
	edition      =	{Winter 2020},
	publisher    =	{Metaphysics Research Lab, Stanford University}
}

@article{coc,
  title={{The Calculus of Constructions}},
  author={Coquand, Thierry and Huet, G{\'e}rard},
  year={1986},
  school={INRIA}
}

@article{coq,
  title={{Introduction to the Calculus of Inductive Constructions}},
  author={Paulin-Mohring, Christine},
  year={2015},
  publisher={College Publications}
}

@article{leanbook,
    title = {{Theorem Proving in Lean}},
    author = {Avigad, Jeremy and de Moura, Leonardo and Kong, Soonho},
    year = {2021},
    journal = {Online: \url{https://leanprover.github.io/theorem\_proving\_in\_lean/theorem\_proving\_in\_lean.pdf}}
}

@article{manifest,
    title = {{The Reactive Manifesto}},
    author = {Bonér, Jonas and Farley, Dave and Kuhn, Roland and Thompson, Martin},
    year = {2014},
    journal = {Online: \url{https://www.reactivemanifesto.org}}
}

@article{pain,
    author = {Buzzard, Kevin},
    year = {2021},
    journal = {Online: \url{https://leanprover.zulipchat.com/\#narrow/stream/113489-new-members/topic/Casting.20Functions/near/221805516}}
}

@article{stats,
    title = {{Mathlib Statistics}},
    journal = {Online: \url{https://leanprover-community.github.io/mathlib_stats.html}}
}

@article{homework,
    title = {{Doing a math assignment with the Lean theorem prover}},
    author = "Andrew Helwer",
    year = "2020",
    journal = {Online: \url{https://ahelwer.ca/post/2020-04-05-lean-assignment/}}
}